@article{generativeAdversarialNetworks,
   title={{Generative Adversarial Nets}},
      author={Ian J. Goodfellow and Jean Pouget-Abadie and Mehdi Mirza and Bing Xu and David Warde-Farley and Sherjil Ozair and Aaron Courville and Yoshua Bengio},
   year={2014},
   eprint={1406.2661},
   archivePrefix={arXiv},
   primaryClass={stat.ML},
   url={https://arxiv.org/pdf/1406.2661.pdf}
}

@article{cycleGan,
   title={{Unpaired Image-to-Image Translation
using Cycle-Consistent Adversarial Networks}},
    author={Jun-Yan Zhu and Taesung Park and Phillip Isola and Alexei A. Efros},
    year={2020},
    eprint={1703.10593},
    archivePrefix={arXiv},
    primaryClass={cs.CV},
    url={https://arxiv.org/pdf/1703.10593.pdf}
}

@article{styleGan,
   title={A Style-Based Generator Architecture for Generative Adversarial Networks},
   author={Tero Karras and Samuli Laine and Timo Aila},
   year={2019},
   eprint={1812.04948},
   archivePrefix={arXiv},
   primaryClass={cs.NE},
   url={https://arxiv.org/pdf/1812.04948.pdf}
}
@article{pixelRnn,
    title={Pixel Recurrent Neural Networks}, 
    author={Aaron van den Oord and Nal Kalchbrenner and Koray Kavukcuoglu},
    year={2016},
    eprint={1601.06759},
    archivePrefix={arXiv},
    primaryClass={cs.CV},
    url={https://arxiv.org/pdf/1601.06759.pdf}
}

@article{radiography,
   author={Rahman,Chowdary and others},
   title={{COVID-19 Radiography Database}},
   url={https://www.kaggle.com/datasets/tawsifurrahman/covid19-radiography-database}
}
@article{xrayDataset,
  title={{COVID-19 image data collection}},
  author={Joseph Paul Cohen and Paul Morrison and Lan Dao},
  journal={arXiv 2006.11988},
  url={https://github.com/ieee8023/covid-chestxray-dataset},
  year={2020}
}

@article{covidDataset,
  title={{COVID19 with Pneumonia and Normal Chest Xray(PA) Dataset}},
  author={Asraf},
  url={https://www.kaggle.com/datasets/amanullahasraf/covid19-pneumonia-normal-chest-xray-pa-dataset}
}
@article{introToCnn,
  title={{An Introduction to Convolutional Neural Networks}},
  author={Keiron O'Shea and Ryan Nash},
  year={2015},
  eprint={1511.08458},
  archivePrefix={arXiv},
  primaryClass={cs.NE},
  url={https://arxiv.org/pdf/1511.08458.pdf}
}

@article{zeroPaddingTrainingTime,
  title={{Enlarging Smaller Images Before Inputting into Convolutional Neural Network: Zero-padding vs. Interpolation}},
  author={Mahdi Hashemi},
  url={https://journalofbigdata.springeropen.com/articles/10.1186/s40537-019-0263-7}
}

@article{supervisedVsUnsupervised,
  title={{Supervised vs. Unsupervised Learning: What’s the Difference?}},
  author={Julianna Delua},
  url={https://www.ibm.com/cloud/blog/supervised-vs-unsupervised-learning}
}
@article{keras,
  title={{Keras}},
  author={Multiple},
  url={https://keras.io/}
}
@article{tensorflow,
  title={{Tensorflow}},
  author={Multiple},
  url={https://www.tensorflow.org/}
}
@article{tensorflowCaseStudies,
  title={{Tensorflow Case Studies}},
  author={Multiple},
  url={https://www.tensorflow.org/about/case-studies/}
}
@article{kerasExamples,
  title={{Keras Examples}},
  author={Multiple},
  url={https://keras.io/examples/}
}

@article{covid19StatsWorldwide,
  title={{WHO Coronavirus (COVID-19) Dashboard}},
  author={Multiple},
  url={https://covid19.who.int/}
}

@article{covid19StatsIreland,
  title={{WHO Coronavirus (COVID-19) Dashboard Ireland}},
  author={Multiple},
  url={https://covid19.who.int/region/euro/country/ie/}
}
@article{csoCovid19Stats,
  title={{COVID-19 Deaths and Cases Statistics}},
  author={Multiple},
  url={https://www.cso.ie/en/releasesandpublications/ep/p-covid19/covid-19informationhub/health/covid-19deathsandcasesstatistics/}
}
@article{cnnCOVID19DetectionAhmed,
  title={{Automated Detection of COVID-19 Through Convolutional Neural Network Using Chest X-ray Images}},
  author={Ahmed,Wang,and others},
  year={2022},
  journal={PLOS One},
  url={https://journals.plos.org/plosone/article?id=10.1371/journal.pone.0262052/}
}
@article{cnnCOVID19DetectionLopez,
  title={{Detection of COVID-19 and Other Pneumonia Cases using Convolutional Neural Networks and X-ray Images}},
  author={Carlos Eduardo Belman-López},
  year={2021},
  journal={Ing. Investig. vol.42},
  url={http://www.scielo.org.co/scielo.php?script=sci_arttext&pid=S0120-56092022000100108/}
}
@article{cumulativeCovid19Cases,
  title={{COVID-19 Data Explorer}},
  author={{Our World In Data(multiple)}},
  url={https://ourworldindata.org/explorers/coronavirus-data-explorer?tab=map&facet=none&Metric=Confirmed+cases&Interval=Cumulative&Relative+to+Population=true&Color+by+test+positivity=false&country=USA~ITA~CAN~DEU~GBR~FRA~JPN}
}
@article{covid19DataQuality,
  title={{COVID-19 Data Explorer}},
  author={Binkheder,Asiri and others},
  year={2021},
  journal={Healthcare},
  url={https://www.ncbi.nlm.nih.gov/pmc/articles/PMC8701465/}
}
@article{covid19DataQuality2,
  title={{Convolutional Neural Network Model Based on Radiological Images to Support COVID-19 Diagnosis: Evaluating Database Biases}},
  author={Maior,Santana and others},
  year={2021},
  journal={PLOS One},
  url={https://journals.plos.org/plosone/article?id=10.1371/journal.pone.0247839#sec025/}
}

@article{litReviewDeepLearningCovid19,
  title={{A Deep Learning-Based Diagnosis System for COVID-19 Detection and Pneumonia Screening Using CT Imaging}},
  author={Mahmoudi,Benameur and others},
  year={2022},
  journal={Applied Sciences},
  url={https://www.mdpi.com/2076-3417/12/10/4825/}
}


@article{litReviewGanDataAugmentation,
  title={{Data Augmentation Using GANs}},
  author={Tanaka and Aranha},
  journal={Proceedings of Machine Learning Research},
  pages={1--16},
  year=2019,
  url={https://arxiv.org/pdf/1904.09135.pdf/}
}

@article{litReviewCnnLstm,
  title={{A Combined Deep CNN-LSTM Network for the Detection of Novel Coronavirus (COVID-19) using X-ray Images}},
  author={Islam,Islam, and Asraf},
  year={2020},
  journal={Informatics in Medicine Unlocked},
  url={https://www.sciencedirect.com/science/article/pii/S2352914820305621}
}

@article{litReviewGanComputerVision,
  title={{Generative Adversarial Networks in Computer Vision: A Survey and Taxonomy}},
  author={Whang, She, and ward},
  year={2020},
  url={https://arxiv.org/pdf/1906.01529.pdf}
}

@article{CDCCovidTimeline,
  title={{CDC Museum COVID-19 Timeline}},
  author={Multiple},
  url={https://www.cdc.gov/museum/timeline/covid19.html#Late-2019}
}
@article{CovidOriginsMarket,
  title={{Wuhan market was epicentre of pandemic’s start, studies suggest}},
  author={Amy Maxmen},
  year={2022},
  journal={Nature},
  url={https://www.nature.com/articles/d41586-022-00584-8}
}
@article{CovidOriginsLab,
  title={{The COVID lab-leak hypothesis: what scientists do and don’t know}},
  author={Amy Maxmen, Smriti Mallapaty},
  year={2021},
  journal={Nature},
  url={https://www.nature.com/articles/d41586-021-01529-3}
}

@article{smithsonianCovid191918Flu,
  title={{Covid-19 Surpasses 1918 Flu to Become Deadliest Pandemic in American History}},
  author={Elizabeth Gamillo},
  url={https://www.smithsonianmag.com/smart-news/the-covid-19-pandemic-is-considered-the-deadliest-in-american-history-as-death-toll-surpasses-1918-estimates-180978748/}
}

@article{nationalGeographicCovid191918Flu,
  title={{COVID-19 surpasses 1918 flu as Deadliest Pandemic in U.S. History}},
  author={Amy Mckeever},
  url={https://www.nationalgeographic.com/history/article/covid-19-is-now-the-deadliest-pandemic-in-us-history/}
}

@article{covid19SpreadMap,
  title={{Dating First Cases of COVID-19}},
  author={Roberts,Rossman and Jarić},
  year={2021},
  journal={PLOS Pathogens},
  url={https://journals.plos.org/plospathogens/article?id=10.1371/journal.ppat.1009620/}
}

@article{mitTechReviewCovid19,
  title={{Hundreds of AI Tools Have Been Built to Catch COVID. None of Them Helped.}},
  author={Will Douglas Heaven},
  year={2021},
  journal={MIT Technology Review},
  url={https://www.technologyreview.com/2021/07/30/1030329/machine-learning-ai-failed-covid-hospital-diagnosis-pandemic/}
}

@article{overfittingKaggle,
  title={{Underfitting Vs Just right Vs Overfitting in Machine learning}},
  author={Abhishek Shrivastava},
  url={https://www.kaggle.com/getting-started/166897}
}

@article{vanishingExplodingGradients,
  title={{The Vanishing Gradient Problem During Learning Recurrent Neural Nets and Problem Solutions}},
  author={Sepp Hochreiter},
  journal={International Journal of Uncertainty, Fuzziness and Knowledge-Based Systems},
  pages={107--116},
  volume={06},
  number={02},
  year={1998},
  url={https://doi.org/10.1142/S0218488598000094}
}

@article{lstmRemembering,
  title={{A Gentle Tutorial of Recurrent Neural Network with Error Backpropagation}},
  author={Gang Chen},
  pages={1--10},
  year={2018},
  eprint={1610.02583},
  archivePrefix={arXiv},
  primaryClass={cs.LG},
  url={http://arxiv.org/abs/1610.02583}
}
@article{litReviewChallengesAndPerspectives,
  title={{Artificial Intelligence in The Diagnosis of COVID-19:
Challenges and Perspectives}},
  author={Huang,Yang and others},
  pages={1--7},
  journal={International Journal of Biological Sciences},
  year={2021},
  url={https://pubmed.ncbi.nlm.nih.gov/33907522/}
}
@article{litReviewSmote,
  author       = {Kevin W. Bowyer and
                  Nitesh V. Chawla and
                  Lawrence O. Hall and
                  W. Philip Kegelmeyer},
  title        = {{SMOTE:} Synthetic Minority Over-sampling Technique},
  journal      = {CoRR},
  volume       = {abs/1106.1813},
  year         = {2011},
  url          = {http://arxiv.org/abs/1106.1813},
  eprinttype    = {arXiv},
  eprint       = {1106.1813},
  timestamp    = {Mon, 13 Aug 2018 16:46:59 +0200},
  biburl       = {https://dblp.org/rec/journals/corr/abs-1106-1813.bib},
  bibsource    = {dblp computer science bibliography, https://dblp.org}
}
@article{litReviewAdasyn,
  title={{ADASYN: Adaptive Synthetic Sampling Approach for Imbalanced Learning
}},
  author={He,Bai,Garcia},
  pages={1322--1328},
  journal={IEEE World Congress on Computational Intelligence},
  year={2008},
  url={https://www.researchgate.net/publication/224330873_ADASYN_Adaptive_Synthetic_Sampling_Approach_for_Imbalanced_Learning}
}
@article{litReviewLychee,
  title={{Lychee Surface Defect Detection Based on Deep Convolutional
Neural Networks with GAN-Based Data Augmentation
}},
  author={Wang and Xiao},
  journal={Agronomy},
  volume={11},
  year={2021},
  url={https://www.mdpi.com/2073-4395/11/8/1500}
}
@article{litReviewTransGanResults,
  title={{TransGAN: Two Pure Transformers Can Make One
Strong GAN, and That Can Scale Up
}},
  author={Jiang,Chang and Wang},
  journal={Advances in Neural Information Processing Systems 34},
  year={2021},
  url={https://arxiv.org/pdf/2102.07074.pdf}
}
@article{litReviewRCNN,
  title={{Rich Feature Hierarchies for Accurate Object Detection and Semantic Segmentation
}},
  author={Girshick and others},
  journal={IEEE Conference on Computer Vision and Pattern Recognition},
  year={2014},
  pages={580-587},
  url={https://ieeexplore.ieee.org/document/6909475}
}
@article{amdLimitations,
  title={{Hardware and Software Support Reference Guide}},
  author={Multiple},
  url={https://docs.amd.com/en-US/bundle/Hardware_and_Software_Reference_Guide/page/Hardware_and_Software_Support.html}
}
@article{imageClassificationKeras,
  title={{Image classification from scratch}},
  author={Multiple},
  url={https://keras.io/examples/vision/image_classification_from_scratch/}
}
@article{swishAndRelu,
  title={{Searching for Activation Functions}},
      author={Prajit Ramachandran and Barret Zoph and Quoc V. Le},
      year={2017},
      eprint={1710.05941},
      archivePrefix={arXiv},
      primaryClass={cs.NE},
      url={https://arxiv.org/abs/1710.05941}
}
@article{swishReluDiagram,
author = {Patwardhan, Narendra and Ingalhalikar, Madhura and Walambe, Rahee},
year = {2018},
month = {07},
title = {ARiA: Utilizing Richard's Curve for Controlling the Non-monotonicity of the Activation Function in Deep Neural Nets}
}

@article{DCGANKerasTutorial,
  title={{DCGAN to Generate Face Images}},
  author={François Chollet},
  url={https://keras.io/examples/generative/dcgan_overriding_train_step//}
}
@article{extendedCOVIDds,
  title={{Extensive COVID-19 X-Ray and CT Chest Images Dataset}},
  author={Walid El-Shafai,Fathi E. Abd El-Samie},
  url={https://data.mendeley.com/datasets/8h65ywd2jr/3}
}

@article{nvidiaResearch,
  title={{NVIDIA Research Achieves AI Training Breakthrough Using Limited Datasets
}},
  author={Isha Salian},
  url={https://blogs.nvidia.com/blog/2020/12/07/neurips-research-limited-data-gan/},
  year=2020
}
@article{imageNet,
  title={{ImageNet 
}},
  author={Multiple},
  url={https://www.image-net.org/index.php/}}

@article{pretrainedModelsKeras,
  title={{Keras Applications 
}},
  author={Multiple},
  url={https://keras.io/api/applications/}}
